<?xml version="1.0" encoding="UTF-8"?>
<record xmlns="http://www.loc.gov/MARC21/slim">
   <leader>01110cas a2200313 a 4500</leader>
   <controlfield tag="001">895102</controlfield>
   <controlfield tag="008">870630d19871990abctx p             eng c</controlfield>
   <datafield tag="022" ind1=" " ind2=" ">
      <subfield code="a">0835-0825</subfield>
   </datafield>
   <datafield tag="035" ind1=" " ind2=" ">
      <subfield code="a">ocn463492013</subfield>
   </datafield>
   <datafield tag="039" ind1="0" ind2=" ">
      <subfield code="f">lns</subfield>
   </datafield>
   <datafield tag="040" ind1=" " ind2=" ">
      <subfield code="b">eng</subfield>
   </datafield>
   <datafield tag="043" ind1=" " ind2=" ">
      <subfield code="a">n-cn-ab</subfield>
   </datafield>
   <datafield tag="049" ind1=" " ind2=" ">
      <subfield code="a">AEU</subfield>
      <subfield code="b">eng</subfield>
   </datafield>
   <datafield tag="055" ind1=" " ind2="3">
      <subfield code="a">HD 9715 C23 A4</subfield>
      <subfield code="b">C56</subfield>
   </datafield>
   <datafield tag="090" ind1="0" ind2=" ">
      <subfield code="a">HD 9715 C23 A4 C56</subfield>
      <subfield code="b">AEU</subfield>
   </datafield>
   <datafield tag="090" ind1="0" ind2=" ">
      <subfield code="a">GOV DOC CA2 AL CN C51</subfield>
   </datafield>
   <datafield tag="240" ind1="0" ind2="0">
      <subfield code="a">CIACA construction bulletin /</subfield>
      <subfield code="c">Construction Industry Advisory Council of Alberta.</subfield>
   </datafield>
   <datafield tag="245" ind1="0" ind2="0">
      <subfield code="a">CIACA construction bulletin /</subfield>
      <subfield code="c">Construction Industry Advisory Council of Alberta.</subfield>
   </datafield>
   <datafield tag="260" ind1="0" ind2=" ">
      <subfield code="a">Edmonton, Alta. :</subfield>
      <subfield code="b">The Council,</subfield>
      <subfield code="c">[1987]-1990.</subfield>
   </datafield>
   <datafield tag="300" ind1=" " ind2=" ">
      <subfield code="a">4 v. :</subfield>
      <subfield code="b">ill. ;</subfield>
      <subfield code="c">28 cm.</subfield>
   </datafield>
   <datafield tag="310" ind1=" " ind2=" ">
      <subfield code="a">3 issues per year.</subfield>
   </datafield>
   <datafield tag="362" ind1="0" ind2=" ">
      <subfield code="a">Vol. 1, no. 1 [Jan. 1987]-vol. 4, no. 1 (Jan. 1990).</subfield>
   </datafield>
   <datafield tag="515" ind1=" " ind2=" ">
      <subfield code="a">Issue for Sept. 1988 lacks numbering but constitutes vol. 2, no. 3.</subfield>
   </datafield>
   <datafield tag="596" ind1=" " ind2=" ">
      <subfield code="a">48</subfield>
   </datafield>
   <datafield tag="650" ind1=" " ind2="0">
      <subfield code="a">Construction industry</subfield>
      <subfield code="z">Alberta</subfield>
      <subfield code="x">Periodicals.</subfield>
   </datafield>
   <datafield tag="710" ind1="2" ind2="0">
      <subfield code="a">Construction Industry Advisory Council of Alberta.</subfield>
   </datafield>
   <datafield tag="926" ind1=" " ind2=" ">
      <subfield code="a">UASCITECH</subfield>
      <subfield code="b">ON_SHELF</subfield>
      <subfield code="c">HD 9715 C23 A4 C56 v.1-4 1987-1990</subfield>
      <subfield code="d">PERIODICAL</subfield>
      <subfield code="f">1</subfield>
   </datafield>
   <datafield tag="927" ind1=" " ind2=" ">
      <subfield code="a">UASCITECH</subfield>
   </datafield>
   <datafield tag="927" ind1=" " ind2=" ">
      <subfield code="b">Location</subfield>
      <subfield code="c">ON_SHELF-- HD 9715 C23 A4 C56</subfield>
   </datafield>
   <datafield tag="927" ind1=" " ind2=" ">
      <subfield code="b">Library has</subfield>
      <subfield code="c">v.1 (1987)-v.4 (1990)</subfield>
   </datafield>
</record>
